@article{DBLP:journals/corr/ParikhT0U16,
  author    = {Ankur P. Parikh and
               Oscar T{\"{a}}ckstr{\"{o}}m and
               Dipanjan Das and
               Jakob Uszkoreit},
  title     = {A Decomposable Attention Model for Natural Language Inference},
  journal   = {CoRR},
  volume    = {abs/1606.01933},
  year      = {2016},
  url       = {http://arxiv.org/abs/1606.01933},
  archivePrefix = {arXiv},
  eprint    = {1606.01933},
  timestamp = {Mon, 13 Aug 2018 16:49:14 +0200},
  biburl    = {https://dblp.org/rec/bib/journals/corr/ParikhT0U16},
  bibsource = {dblp computer science bibliography, https://dblp.org}
}

@INPROCEEDINGS{Pennington14glove:global,
    author = {Jeffrey Pennington and Richard Socher and Christopher D. Manning},
    title = {Glove: Global vectors for word representation},
    booktitle = {In EMNLP},
    year = {2014}
}
@incollection{NIPS1999_1713,
title = {Policy Gradient Methods for Reinforcement Learning with Function Approximation},
author = {Sutton, Richard S and David A. McAllester and Satinder P. Singh and Mansour, Yishay},
booktitle = {Advances in Neural Information Processing Systems 12},
editor = {S. A. Solla and T. K. Leen and K. M\"{u}ller},
pages = {1057--1063},
year = {2000},
publisher = {MIT Press},
url = {http://papers.nips.cc/paper/1713-policy-gradient-methods-for-reinforcement-learning-with-function-approximation.pdf}
}

@inproceedings{snli:emnlp2015,
	Author = {Bowman, Samuel R. and Angeli, Gabor and Potts, Christopher, and Manning, Christopher D.},
	Booktitle = {Proceedings of the 2015 Conference on Empirical Methods in Natural Language Processing (EMNLP)},
	Publisher = {Association for Computational Linguistics},
	Title = {A large annotated corpus for learning natural language inference},
	Year = {2015}
}