@inproceedings{43155,
title	= {Sequence to Sequence Learning with Neural Networks},
author	= {Ilya Sutskever and Oriol Vinyals and Quoc V. Le},
year	= {2014},
URL	= {http://arxiv.org/abs/1409.3215},
booktitle	= {Proc. NIPS},
address	= {Montreal, CA}
}

@article{DBLP:journals/corr/BahdanauCB14,
  author    = {Dzmitry Bahdanau and
               Kyunghyun Cho and
               Yoshua Bengio},
  title     = {Neural Machine Translation by Jointly Learning to Align and Translate},
  journal   = {CoRR},
  volume    = {abs/1409.0473},
  year      = {2014},
  url       = {http://arxiv.org/abs/1409.0473},
  archivePrefix = {arXiv},
  eprint    = {1409.0473},
  timestamp = {Mon, 13 Aug 2018 16:46:05 +0200},
  biburl    = {https://dblp.org/rec/bib/journals/corr/BahdanauCB14},
  bibsource = {dblp computer science bibliography, https://dblp.org}
}

@InProceedings{P02-1040,
  author = 	"Papineni, Kishore
		and Roukos, Salim
		and Ward, Todd
		and Zhu, Wei-Jing",
  title = 	"Bleu: a Method for Automatic Evaluation of Machine Translation",
  booktitle = 	"Proceedings of the 40th Annual Meeting of the Association for Computational Linguistics",
  year = 	"2002",
  url = 	"http://aclweb.org/anthology/P02-1040"
}

@article{DBLP:journals/corr/PressW16,
  author    = {Ofir Press and
               Lior Wolf},
  title     = {Using the Output Embedding to Improve Language Models},
  journal   = {CoRR},
  volume    = {abs/1608.05859},
  year      = {2016},
  url       = {http://arxiv.org/abs/1608.05859},
  archivePrefix = {arXiv},
  eprint    = {1608.05859},
  timestamp = {Mon, 13 Aug 2018 16:48:36 +0200},
  biburl    = {https://dblp.org/rec/bib/journals/corr/PressW16},
  bibsource = {dblp computer science bibliography, https://dblp.org}
}